<?xml version="1.0" encoding="UTF-8"?><collection xmlns="http://www.loc.gov/MARC21/slim"><record><leader>00389nam--2200133-i-4500</leader><controlfield tag="001">000020459</controlfield><controlfield tag="002">20161230</controlfield><controlfield tag="005">20161230201033</controlfield><controlfield tag="008">060222s1000------------r-----000-0-eng-d</controlfield><datafield ind1=" " ind2=" " tag="080"><subfield code="a">541.15:539.16(043)</subfield></datafield><datafield ind1=" " ind2=" " tag="100"><subfield code="a">Fontijn, Arthur</subfield></datafield><datafield ind1=" " ind2=" " tag="245"><subfield code="a">The addition of n-butyl mercaptan to 1-pentene on irradiation with x or gamma rays</subfield></datafield><datafield ind1=" " ind2=" " tag="260"><subfield code="a">Amsterdam, Universitat, 1957.  90 P</subfield></datafield><datafield ind1=" " ind2=" " tag="852"><subfield code="a">77020</subfield></datafield></record></collection>